@misc{evotsc_swh,
author = {Grohens, Th√©otime},
title = {Archive of the \textsc{EvoTSC} repository on the {S}oftware {H}eritage Archive},
year = {2021},
howpublished = "\url{https://archive.softwareheritage.org/swh:1:rev:6fc36abc1661c295782886647c37ef05ffb9d357}",
}
